@inproceedings{wang2019spatial,
  title={Spatial Attentive Single-Image Deraining with a High Quality Real Rain Dataset},
  author={Wang, Tianyu and Yang, Xin and Xu, Ke and Chen, Shaozhe and Zhang, Qiang and Lau, Rynson WH},
  booktitle={Proceedings of the IEEE Conference on Computer Vision and Pattern Recognition},
  pages={12270--12279},
  year={2019}
}

@inProceedings{Qian_2018_CVPR,
author = {Qian, Rui and Tan, Robby T. and Yang, Wenhan and Su, Jiajun and Liu, Jiaying},
title = {Attentive Generative Adversarial Network for Raindrop Removal From a Single Image},
booktitle = {The IEEE Conference on Computer Vision and Pattern Recognition (CVPR)},
month = {June},
year = {2018}
}

@inproceedings{ren2019progressive,
   title={Progressive Image Deraining Networks: A Better and Simpler Baseline},
   author={Ren, Dongwei and Zuo, Wangmeng and Hu, Qinghua and Zhu, Pengfei and Meng, Deyu},
   booktitle={IEEE Conference on Computer Vision and Pattern Recognition},
   year={2019},
}

@article{Li2019DerainBenchmark,		
    title={Single Image Deraining: A Comprehensive Benchmark Analysis},
    author={Siyuan Li, Iago Breno Araujo, Wenqi Ren},
    journal={IEEE Conference on Computer Vision and Pattern Recognition},
    year={2019}
}

@inproceedings{li2016rain,
  title={Rain streak removal using layer priors},
  author={Li, Yu and Tan, Robby T and Guo, Xiaojie and Lu, Jiangbo and Brown, Michael S},
  booktitle={Proceedings of the IEEE conference on computer vision and pattern recognition},
  pages={2736--2744},
  year={2016}
}

@inproceedings{fu2017removing,
  title={Removing rain from single images via a deep detail network},
  author={Fu, Xueyang and Huang, Jiabin and Zeng, Delu and Huang, Yue and Ding, Xinghao and Paisley, John},
  booktitle={Proceedings of the IEEE Conference on Computer Vision and Pattern Recognition},
  pages={3855--3863},
  year={2017}
}

@inproceedings{yang2017deep,
  title={Deep joint rain detection and removal from a single image},
  author={Yang, Wenhan and Tan, Robby T and Feng, Jiashi and Liu, Jiaying and Guo, Zongming and Yan, Shuicheng},
  booktitle={Proceedings of the IEEE Conference on Computer Vision and Pattern Recognition},
  pages={1357--1366},
  year={2017}
}

@article{zhang2019image,
  title={Image de-raining using a conditional generative adversarial network},
  author={Zhang, He and Sindagi, Vishwanath and Patel, Vishal M},
  journal={IEEE transactions on circuits and systems for video technology},
  year={2019},
  publisher={IEEE}
}

@inproceedings{zhang2018density,
  title={Density-aware single image de-raining using a multi-stream dense network},
  author={Zhang, He and Patel, Vishal M},
  booktitle={Proceedings of the IEEE conference on computer vision and pattern recognition},
  pages={695--704},
  year={2018}
}

@inproceedings{qian2018attentive,
  title={Attentive generative adversarial network for raindrop removal from a single image},
  author={Qian, Rui and Tan, Robby T and Yang, Wenhan and Su, Jiajun and Liu, Jiaying},
  booktitle={Proceedings of the IEEE Conference on Computer Vision and Pattern Recognition},
  pages={2482--2491},
  year={2018}
}

@article{Yang2017RainRemoval,
  title={Joint Rain Detection and Removal from a Single Image},
  author={Wenhan Yang, Robby T. Tan, Jiashi Feng},
  journal={IEEE Conference on Computer Vision and Pattern Recognition },
  year={2017},
}

@InProceedings{Wei_2019_CVPR,
author = {Wei, Wei and Meng, Deyu and Zhao, Qian and Xu, Zongben and Wu, Ying},
title = {Semi-Supervised Transfer Learning for Image Rain Removal},
booktitle = {The IEEE Conference on Computer Vision and Pattern Recognition (CVPR)},
month = {June},
year = {2019}
}

@article{zhang2016joint,
  title={Joint face detection and alignment using multitask cascaded convolutional networks},
  author={Zhang, Kaipeng and Zhang, Zhanpeng and Li, Zhifeng and Qiao, Yu},
  journal={IEEE Signal Processing Letters},
  volume={23},
  number={10},
  pages={1499--1503},
  year={2016},
  publisher={IEEE}
}

@inproceedings{hore2010image,
  title={Image quality metrics: PSNR vs. SSIM},
  author={Hore, Alain and Ziou, Djemel},
  booktitle={2010 20th International Conference on Pattern Recognition},
  pages={2366--2369},
  year={2010},
  organization={IEEE}
}

@article{le2015simple,
  title={A simple way to initialize recurrent networks of rectified linear units},
  author={Le, Quoc V and Jaitly, Navdeep and Hinton, Geoffrey E},
  year={2015}
}

@inproceedings{bell2016inside,
  title={Inside-outside net: Detecting objects in context with skip pooling and recurrent neural networks},
  author={Bell, Sean and Lawrence Zitnick, C and Bala, Kavita and Girshick, Ross},
  booktitle={Proceedings of the IEEE conference on computer vision and pattern recognition},
  pages={2874--2883},
  year={2016}
}

@inproceedings{he2016deep,
  title={Deep residual learning for image recognition},
  author={He, Kaiming and Zhang, Xiangyu and Ren, Shaoqing and Sun, Jian},
  booktitle={Proceedings of the IEEE conference on computer vision and pattern recognition},
  pages={770--778},
  year={2016}
}

@article{dutta2018effective,
  title={Effective Building Block Design for Deep Convolutional Neural Networks using Search},
  author={Dutta, Jayanta K and Liu, Jiayi and Kurup, Unmesh and Shah, Mohak},
  journal={arXiv preprint arXiv:1801.08577},
  year={2018}
}

@incollection{lecun1999object,
  title={Object recognition with gradient-based learning},
  author={LeCun, Yann and Haffner, Patrick and Bottou, L{\'e}on and Bengio, Yoshua},
  booktitle={Shape, contour and grouping in computer vision},
  pages={319--345},
  year={1999},
  publisher={Springer}
}

@article{simonyan2014very,
  title={Very deep convolutional networks for large-scale image recognition},
  author={Simonyan, Karen and Zisserman, Andrew},
  journal={arXiv preprint arXiv:1409.1556},
  year={2014}
}

@inproceedings{li2018csrnet,
  title={Csrnet: Dilated convolutional neural networks for understanding the highly congested scenes},
  author={Li, Yuhong and Zhang, Xiaofan and Chen, Deming},
  booktitle={Proceedings of the IEEE conference on computer vision and pattern recognition},
  pages={1091--1100},
  year={2018}
}